@MISC{CMYPage,
	author	= {Dave Marshall},
	title	= {{Conversion between RGB and CMY}},
	year	= {2001},
	howpublished = {\url{http://www.cs.cf.ac.uk/Dave/Multimedia/node190.html}},
	note	= {Besucht am 22.04.2012}
}

@MISC{HSVPage,
	author	=	{Diverse},
	title	=	{{HSL and HSV}},
	year	=	{2012},
	howpublished = "\url{http://en.wikipedia.org/wiki/HSL_and_HSV/}",
	note	= "Besucht am 22.04.2012"
}

@MISC{YUVPage,
	author	=	{Diverse},
	title	=	{YUV},
	year	=	{2012},
	howpublished = {\url{http://en.wikipedia.org/wiki/YUV}},
	note	= "Besucht am 22.04.2012"
}
